
@article{brown2004,
	title = {Toward a metabolic theory of ecology},
	author = {Brown, James H. and Gillooly, James F. and Allen, Andrew P. and Savage, Van M. and West, Geoffrey B.},
	year = {2004},
	journal = {Ecology},
	pages = {1771--1789},
	volume = {85},
	number = {7},
}

@article{feldman2012,
	title = {Length-mass allometry in snakes},
	author = {Feldman, Anat and Meiri, Shai},
	year = {2012},
	journal = {Biological Journal of the Linnean Society},
	pages = {161--172},
	volume = {108},
	number = {1},
}

@article{gillooly2001,
	title = {Effects of size and temperature on metabolic rate},
	author = {Gillooly, James F. and Brown, James H. and West, Geoffrey B. and Savage, Van M. and Charnov, Eric L.},
	year = {2001},
	journal = {Science},
	pages = {2248--2251},
	volume = {293},
	number = {5538},
}

@article{knapp2003,
	title = {Developing probabilistic models to predict amphibian site occupancy in a patchy landscape},
	author = {Knapp, R A and Matthews, K R and Preisler, H K and Jellison, R},
	year = {2003},
	date = {2003},
	journal = {Ecological Applications},
	pages = {1069{\textendash}1082},
	volume = {13},
	number = {4},
}

@article{peters1983,
	title = {The effect of body size on animal abundance},
	author = {Peters, Robert Henry and Wassenberg, Karen},
	year = {1983},
	journal = {Oecologia},
	pages = {89--96},
	volume = {60},
	number = {1},
}

@article{santini2018,
  title={Length--mass allometries in amphibians},
  author={Santini, Luca and Ben{\'i}tez-L{\'o}pez, Ana and Ficetola, Gentile Francesco and Huijbregts, Mark AJ},
  journal={Integrative Zoology},
  volume={13},
  number={1},
  pages={36--45},
  year={2018},
  doi={10.1111/1749-4877.12268}
}
